# Books

@book{hastie2009elements,
  title     = {The elements of statistical learning: data mining, inference, and prediction},
  author    = {Hastie, Trevor and Tibshirani, Robert and Friedman, Jerome H and Friedman, Jerome H},
  volume    = {2},
  year      = {2009},
  publisher = {Springer}
}
@book{murphy2012machine,
  title     = {Machine learning: a probabilistic perspective},
  author    = {Murphy, Kevin P},
  year      = {2012},
  publisher = {MIT press}
}

# URLS

@misc{franke2ddesc,
  title        = {Franke's Function},
  howpublished = {\url{https://www.sfu.ca/~ssurjano/franke2d.html}},
  year         = {2023},
  note         = {[Online; accessed 28-September-2023]}
}
@misc{githubrepoproject1,
  title        = {Project 1},
  howpublished = {\url{https://github.com/magnouvean/ml-physics-projects/tree/main/project1}},
  year         = {2023}
}
@misc{lecturenotes5,
  title        = {Resampling Methods},
  howpublished = {\url{https://compphysics.github.io/MachineLearning/doc/LectureNotes/_build/html/chapter3.html}},
  year         = {2023}
}
@misc{week35notes,
  title        = {Week 35},
  howpublished = {\url{https://compphysics.github.io/MachineLearning/doc/LectureNotes/_build/html/week35.html}},
  year         = {2023}
}
@misc{week34notes,
  title        = {Week 34},
  howpublished = {\url{https://compphysics.github.io/MachineLearning/doc/LectureNotes/_build/html/week34.html}},
  year         = {2023}
}