# Books

@book{hastie2009elements,
  title     = {The elements of statistical learning: data mining, inference, and prediction},
  author    = {Hastie, Trevor and Tibshirani, Robert and Friedman, Jerome H and Friedman, Jerome H},
  volume    = {2},
  year      = {2009},
  publisher = {Springer}
}
@book{murphy2012machine,
  title     = {Machine learning: a probabilistic perspective},
  author    = {Murphy, Kevin P},
  year      = {2012},
  publisher = {MIT press}
}
@book{goodfellow2016deep,
  title     = {Deep learning},
  author    = {Goodfellow, Ian and Bengio, Yoshua and Courville, Aaron},
  year      = {2016},
  publisher = {MIT press}
}


# URLS

@misc{githubrepoproject1,
  title        = {Project 1},
  howpublished = {\url{https://github.com/magnouvean/ml-physics-projects/tree/main/project1}},
  year         = {2023}
}
@misc{sklearncancerdata,
  title        = {sklearn.datasets.load\_breast\_cancer},
  howpublished = {\url{https://scikit-learn.org/stable/modules/generated/sklearn.datasets.load_breast_cancer.html}},
  year         = {2023}
}
@misc{breastcancerwisconsin,
  title        = {Breast Cancer Wisconsin (Original)},
  howpublished = {\url{https://archive.ics.uci.edu/dataset/15/breast+cancer+wisconsin+original}},
  year         = {2023}
}
@misc{week43,
  title        = {Constructing a Neural Network code and solving differential equations},
  howpublished = {\url{https://compphysics.github.io/MachineLearning/doc/LectureNotes/_build/html/week43.html}},
  year         = {2023}
}