# Books

@book{hastie2009elements,
	title = {The elements of statistical learning: data mining, inference,
	         and prediction},
	author = {Hastie, Trevor and Tibshirani, Robert and Friedman, Jerome H
	          and Friedman, Jerome H},
	volume = {2},
	year = {2009},
	publisher = {Springer},
}
@book{murphy2012machine,
	title = {Machine learning: a probabilistic perspective},
	author = {Murphy, Kevin P},
	year = {2012},
	publisher = {MIT press},
}
@book{goodfellow2016deep,
	title = {Deep learning},
	author = {Goodfellow, Ian and Bengio, Yoshua and Courville, Aaron},
	year = {2016},
	publisher = {MIT press},
}


# URLS

@misc{githubrepoproject2,
	title = {Project 2},
	howpublished = {\url{
	                https://github.com/magnouvean/ml-physics-projects/tree/main/project2
	                }},
	year = {2023},
}
@misc{githubrepoproject3,
	title = {Project 3},
	howpublished = {\url{
	                https://github.com/magnouvean/ml-physics-projects/tree/main/project3
	                }},
	year = {2023},
}
@misc{creditcardfraud,
	title = {How major credit card networks protect customers against fraud},
	howpublished = {\url{
	                https://www.bankrate.com/finance/credit-cards/major-credit-card-networks-protect-against-fraud/
	                }},
	year = {2023},
}
@misc{kaggleccdata,
	title = {Credit Card Fraud Detection Dataset 2023},
	howpublished = {\url{
	                https://www.kaggle.com/datasets/nelgiriyewithana/credit-card-fraud-detection-dataset-2023
	                }},
	year = {2023},
}
@misc{kaggle100paccuracy,
	title = {Credit Card Fraud Detection - 100% Accuracy},
	author = {Lucas Antoine},
	howpublished = {\url{
	                https://www.kaggle.com/code/dreygaen/credit-card-fraud-detection-100-accuracy
	                }},
	year = {2023},
}
